<?xml version="1.0" encoding="UTF-8"?><collection xmlns="http://www.loc.gov/MARC21/slim"><record><leader>00443nam--2200145-i-4500</leader><controlfield tag="001">000000098</controlfield><controlfield tag="002">20161230</controlfield><controlfield tag="005">20161230201023</controlfield><controlfield tag="008">060222s1000------------r-----000-0-eng-d</controlfield><datafield ind1=" " ind2=" " tag="080"><subfield code="a">514.76</subfield></datafield><datafield ind1=" " ind2=" " tag="100"><subfield code="a">Gheorgiev, Gheorghe Si Oproiu, Vasile</subfield></datafield><datafield ind1=" " ind2=" " tag="245"><subfield code="a">Varietati diferentiabile finit si infinit dimensionabile</subfield></datafield><datafield ind1=" " ind2=" " tag="260"><subfield code="a">Bucuresti, Editura Academiei Republicii Socialiste Romania</subfield></datafield><datafield ind1=" " ind2=" " tag="852"><subfield code="a">43564</subfield><subfield code="c">515/516</subfield></datafield><datafield ind1=" " ind2=" " tag="CAT"><subfield code="a">Sys</subfield><subfield code="c">20080611</subfield><subfield code="h">141121</subfield></datafield></record></collection>